<record><leader>00000cas a22000007a 4500</leader><controlfield tag="001">12654881</controlfield><controlfield tag="008">851010d19241949utuwr ne      0    0eng d</controlfield><datafield ind1=" " ind2=" " tag="010"><subfield code="a">sn 85058269 </subfield></datafield><datafield ind1=" " ind2=" " tag="040"><subfield code="a">UNP</subfield><subfield code="b">eng</subfield><subfield code="c">UNP</subfield><subfield code="d">NSD</subfield><subfield code="d">OCLCQ</subfield><subfield code="d">UBY</subfield><subfield code="d">OCLCQ</subfield><subfield code="d">OCLCF</subfield><subfield code="d">OCLCO</subfield></datafield><datafield ind1="1" ind2=" " tag="029"><subfield code="a">AU@</subfield><subfield code="b">000023533449</subfield></datafield><datafield ind1=" " ind2=" " tag="042"><subfield code="a">msc</subfield></datafield><datafield ind1=" " ind2=" " tag="043"><subfield code="a">n-us-ut</subfield></datafield><datafield ind1="0" ind2="0" tag="245"><subfield code="a">Piute County news.</subfield></datafield><datafield ind1=" " ind2=" " tag="260"><subfield code="a">Junction, Utah :</subfield><subfield code="b">F.A. Jackman,</subfield><subfield code="c">-1949.</subfield></datafield><datafield ind1=" " ind2=" " tag="300"><subfield code="a">v. :</subfield><subfield code="b">ill. ;</subfield><subfield code="c">38-56 cm.</subfield></datafield><datafield ind1=" " ind2=" " tag="310"><subfield code="a">Weekly</subfield></datafield><datafield ind1="1" ind2=" " tag="362"><subfield code="a">Began with May 23, 1924 issue.</subfield><subfield code="z">Cf. Alter, J.C. Early Utah journalism.</subfield></datafield><datafield ind1="0" ind2=" " tag="362"><subfield code="a">-v. 27, no. 7 (Feb. 18, 1949).</subfield></datafield><datafield ind1=" " ind2=" " tag="500"><subfield code="a">Published in Junction, Utah: May 23, 1924-July 5, 1937; in Marysvale, Utah thereafter.</subfield></datafield><datafield ind1=" " ind2=" " tag="500"><subfield code="a">Utah Centennial ed. issued June 20, 1947.</subfield></datafield><datafield ind1=" " ind2=" " tag="525"><subfield code="a">Supplements accompany some issues.</subfield></datafield><datafield ind1=" " ind2=" " tag="580"><subfield code="a">Continues: Marysvale progress (non-extant?).</subfield></datafield><datafield ind1=" " ind2=" " tag="580"><subfield code="a">Absorbed by: Richfield reaper.</subfield></datafield><datafield ind1=" " ind2=" " tag="588"><subfield code="a">Description based on: Vol. 4, no. 40 (Oct. 3, 1924).</subfield></datafield><datafield ind1=" " ind2="0" tag="651"><subfield code="a">Piute County (Utah)</subfield><subfield code="v">Newspapers.</subfield></datafield><datafield ind1=" " ind2="0" tag="651"><subfield code="a">Marysvale (Utah)</subfield><subfield code="v">Newspapers.</subfield></datafield><datafield ind1=" " ind2="0" tag="651"><subfield code="a">Junction (Utah)</subfield><subfield code="v">Newspapers.</subfield></datafield><datafield ind1=" " ind2="7" tag="655"><subfield code="a">Newspapers.</subfield><subfield code="2">fast</subfield><subfield code="0">(OCoLC)fst01423814</subfield></datafield><datafield ind1=" " ind2="7" tag="651"><subfield code="a">Utah</subfield><subfield code="z">Junction.</subfield><subfield code="2">fast</subfield><subfield code="0">(OCoLC)fst01299127</subfield></datafield><datafield ind1=" " ind2="7" tag="651"><subfield code="a">Utah</subfield><subfield code="z">Marysvale.</subfield><subfield code="2">fast</subfield><subfield code="0">(OCoLC)fst01223296</subfield></datafield><datafield ind1=" " ind2="7" tag="651"><subfield code="a">Utah</subfield><subfield code="z">Piute County.</subfield><subfield code="2">fast</subfield><subfield code="0">(OCoLC)fst01218478</subfield></datafield><datafield ind1=" " ind2=" " tag="752"><subfield code="a">United States</subfield><subfield code="b">Utah</subfield><subfield code="c">Piute</subfield><subfield code="d">Junction.</subfield></datafield><datafield ind1=" " ind2=" " tag="752"><subfield code="a">United States</subfield><subfield code="b">Utah</subfield><subfield code="c">Piute</subfield><subfield code="d">Marysvale.</subfield></datafield><datafield ind1="1" ind2="0" tag="780"><subfield code="t">Marysvale progress</subfield></datafield><datafield ind1="1" ind2="4" tag="785"><subfield code="t">Richfield reaper</subfield><subfield code="x">0746-6730</subfield><subfield code="w">(DLC)sn 83005396</subfield><subfield code="w">(OCoLC)10214260</subfield></datafield></record>